<record><leader>00000cas a22000007a 4500</leader><controlfield tag="001">15215690</controlfield><controlfield tag="008">870219d18971917msudr ne      0    0eng d</controlfield><datafield ind1=" " ind2=" " tag="010"><subfield code="a">sn 87065167 </subfield></datafield><datafield ind1=" " ind2=" " tag="040"><subfield code="a">MJA</subfield><subfield code="b">eng</subfield><subfield code="c">MJA</subfield><subfield code="d">MSJ</subfield><subfield code="d">OCLCQ</subfield></datafield><datafield ind1=" " ind2=" " tag="042"><subfield code="a">msc</subfield></datafield><datafield ind1="0" ind2="4" tag="245"><subfield code="a">The Hattiesburg news.</subfield></datafield><datafield ind1=" " ind2=" " tag="260"><subfield code="a">Hattiesburg, Miss. :</subfield><subfield code="b">F.D. Lander</subfield></datafield><datafield ind1=" " ind2=" " tag="310"><subfield code="a">Daily (except Sun.)</subfield></datafield><datafield ind1="1" ind2=" " tag="362"><subfield code="a">Began in 1897; ceased in 1917.</subfield></datafield><datafield ind1=" " ind2=" " tag="588"><subfield code="a">Description based on: Vol. 19, no. 77 (Apr. 1, 1915).</subfield></datafield><datafield ind1=" " ind2=" " tag="752"><subfield code="a">United States</subfield><subfield code="b">Mississippi</subfield><subfield code="c">Forrest</subfield><subfield code="d">Hattiesburg.</subfield></datafield><datafield ind1=" " ind2=" " tag="752"><subfield code="a">United States</subfield><subfield code="b">Mississippi</subfield><subfield code="c">Perry.</subfield></datafield><datafield ind1="0" ind2="0" tag="785"><subfield code="t">Hattiesburg American</subfield><subfield code="w">(DLC)sn 84020114</subfield><subfield code="w">(OCoLC)10363305</subfield></datafield></record>